@inproceedings{katsaros2011performance,
  title={Performance study of a Green Light Optimized Speed Advisory (GLOSA) application using an integrated cooperative ITS simulation platform},
  author={Katsaros, Konstantinos and Kernchen, Ralf and Dianati, Mehrdad and Rieck, David},
  booktitle={2011 7th International Wireless Communications and Mobile Computing Conference},
  pages={918--923},
  year={2011},
  organization={IEEE}
}

@inproceedings{tintarev2007survey,
  title={A survey of explanations in recommender systems},
  author={Tintarev, Nava and Masthoff, Judith},
  booktitle={Data Engineering Workshop, 2007 IEEE 23rd International Conference on},
  pages={801--810},
  year={2007},
  organization={IEEE}
}

@INPROCEEDINGS{6969422, 
author={M. Seredynski and P. Ruiz and K. Szczypiorski and D. Khadraoui}, 
booktitle={2014 IEEE International Parallel Distributed Processing Symposium Workshops}, 
title={Improving Bus Ride Comfort Using GLOSA-Based Dynamic Speed Optimisation}, 
year={2014}, 
pages={457-463}, 
keywords={driver information systems;genetic algorithms;intelligent transportation systems;performance evaluation;public transport;road traffic;sustainable development;GLOSA driver assistance system;GLOSA-based dynamic speed optimisation;bus ride comfort;computational experiment;fuel consumption;genetic algorithm;green light optimal speed advisory driver assistance system;mixed traffic;multisegment GLOSA;performance evaluation;public transport;single-segment GLOSA;speed optimisation method;sustainable transport system;tailpipe emission;Acceleration;Fuels;Genetic algorithms;Sociology;Statistics;Timing;Vehicles;BHLS;BRT;Driver Assistance Systems;Eco-Driving;GLOSA;Genetic Algorithms;ITS;Public Transport;Smart City;TrafficSignals}, 
doi={10.1109/IPDPSW.2014.58}, 
month={May},}

@INPROCEEDINGS{6965983, 
author={V. Protschky and S. Feit and C. Linnhoff-Popien}, 
booktitle={2014 IEEE 80th Vehicular Technology Conference (VTC2014-Fall)}, 
title={Extensive Traffic Light Prediction under Real-World Conditions}, 
year={2014}, 
pages={1-5}, 
keywords={driver information systems;road traffic control;GLOSA;adaptive traffic lights;back-end implementation;carbon dioxide emission reduction;driving assisting systems;dynamic traffic light signal phasing adjustment;dynamic traffic light signal timing adjustment;green light optimal speed advisory;historical SPaT data;historical signal phase-and-timing information;incomplete data sets;latency times;real-time prediction algorithm;real-world conditions;signaling prediction generation;start-stop control;traffic accident reduction;traffic light prediction;traffic light warning systems;urban area traffic light networks;Accuracy;Adaptation models;Availability;Predictive models;Timing;Vehicles}, 
doi={10.1109/VTCFall.2014.6965983}, 
ISSN={1090-3038}, 
month={Sept},}

@inproceedings{torset,
  author = {Trude T\o{}rset and Arvid Aakre and Vilhelm B\o{}rnes and Ola Rennemo},
  title = {Fartsmodell for n\ae{}ringslivets transporter. Datagrunnlag og dokumentasjon av modell},
  year = {2011}
}

@article{lebre2015real,
  title={Real scenario and simulations on GLOSA traffic light system for reduced CO2 emissions, waiting time and travel time},
  author={Lebre, Marie-Ange and Mou{\"e}l, Fr{\'e}d{\'e}ric Le and M{\'e}nard, Eric and Garnault, Alexandre and Brada{\"\i}, Benazouz and Picron, Vanessa},
  journal={arXiv preprint arXiv:1506.01965},
  year={2015}
}

@INPROCEEDINGS{seredynski, 
author={M. Seredynski and B. Dorronsoro and D. Khadraoui}, 
booktitle={16th International IEEE Conference on Intelligent Transportation Systems (ITSC 2013)}, 
title={Comparison of Green Light Optimal Speed Advisory approaches}, 
year={2013}, 
pages={2187-2192}, 
keywords={driver information systems;fuel economy;road traffic;GLOSA traffic signals;fuel efficiency;green light optimal speed advisory systems;multisegment GLOSA;single-segment GLOSA;traffic conditions;traffic lights;traveling time;Fuels;Roads;Schedules;Sociology;Statistics;Timing;Vehicles}, 
doi={10.1109/ITSC.2013.6728552}, 
ISSN={2153-0009}, 
month={Oct},}

@inproceedings{stevanovic2013impact,
  title={Impact of signal phasing information accuracy on green light optimized speed advisory systems},
  author={Stevanovic, Aleksandar and Stevanovic, Jelka and Kergaye, Cameron},
  booktitle={Transportation Research Board 92nd Annual Meeting},
  year={2013}
}

@ARTICLE{mahlervahidi, 
author={G. Mahler and A. Vahidi}, 
journal={IEEE Transactions on Intelligent Transportation Systems}, 
title={An Optimal Velocity-Planning Scheme for Vehicle Energy Efficiency Through Probabilistic Prediction of Traffic-Signal Timing}, 
year={2014}, 
volume={15}, 
number={6}, 
pages={2516-2523}, 
keywords={Monte Carlo methods;optimal control;path planning;probability;road traffic control;velocity control;Monte Carlo simulations;SPAT;averaged timing data;best velocity trajectory calculation;multisignal simulation;optimal control framework;predictive optimal velocity-planning algorithm;probabilistic prediction;probabilistic traffic-signal phase-and-timing information;real-time phase data;traffic lights;traffic-adaptive signals;traffic-signal timing;vehicle energy efficiency;Algorithm design and analysis;Fuel economy;Green products;Optimal control;Probabilistic logic;Real-time systems;Timing;Eco-driving;optimal control;traffic signal;velocity advisory system}, 
doi={10.1109/TITS.2014.2319306}, 
ISSN={1524-9050}, 
month={Dec},}

@inproceedings{koukoumidis2011signalguru,
  title={SignalGuru: leveraging mobile phones for collaborative traffic signal schedule advisory},
  author={Koukoumidis, Emmanouil and Peh, Li-Shiuan and Martonosi, Margaret Rose},
  booktitle={Proceedings of the 9th international conference on Mobile systems, applications, and services},
  pages={127--140},
  year={2011},
  organization={ACM}
}

@misc{itsCEN/TC278,
  author = {},
  title = {{ISO/PRF TS 19091}},
  howpublished = "\url{http://www.iso.org/iso/home/store/catalogue_tc/catalogue_detail.htm?csnumber=69897}",
  year = {2016}, 
  note = "[Online; accessed 06-December-2016]"
}

@article{gibreel1999state,
  title={State of the art of highway geometric design consistency},
  author={Gibreel, GM and Easa, SM and Hassan, Y and El-Dimeery, IA},
  journal={Journal of transportation engineering},
  volume={125},
  number={4},
  pages={305--313},
  year={1999},
  publisher={American Society of Civil Engineers}
}
@article{Barth2009400,
title = "Energy and emissions impacts of a freeway-based dynamic eco-driving system ",
journal = "Transportation Research Part D: Transport and Environment ",
volume = "14",
number = "6",
pages = "400 - 410",
year = "2009",
note = "The interaction of environmental and traffic safety policies ",
issn = "1361-9209",
doi = "http://dx.doi.org/10.1016/j.trd.2009.01.004",
url = "http://www.sciencedirect.com/science/article/pii/S1361920909000121",
author = "Matthew Barth and Kanok Boriboonsomsin",
keywords = "Intelligent transportation systems",
keywords = "Telematics",
keywords = "Intelligent speed adaptation",
keywords = "Eco-driving "
}
@article{Kircher201427,
title = "Continuous versus intermittent presentation of visual eco-driving advice ",
journal = "Transportation Research Part F: Traffic Psychology and Behaviour ",
volume = "24",
number = "",
pages = "27 - 38",
year = "2014",
note = "",
issn = "1369-8478",
doi = "http://dx.doi.org/10.1016/j.trf.2014.02.007",
url = "http://www.sciencedirect.com/science/article/pii/S1369847814000217",
author = "Katja Kircher and Carina Fors and Christer Ahlstrom",
keywords = "Eco-driving",
keywords = "Display",
keywords = "Visual",
keywords = "Attention",
keywords = "Distraction",
keywords = "Driving behaviour",
keywords = "Glance behaviour "
}

@article{Rondinone201399,
title = "iTETRIS: A modular simulation platform for the large scale evaluation of cooperative \{ITS\} applications ",
journal = "Simulation Modelling Practice and Theory ",
volume = "34",
number = "",
pages = "99 - 125",
year = "2013",
note = "",
issn = "1569-190X",
doi = "http://dx.doi.org/10.1016/j.simpat.2013.01.007",
url = "http://www.sciencedirect.com/science/article/pii/S1569190X1300018X",
author = "Michele Rondinone and Julen Maneros and Daniel Krajzewicz and Ramon Bauza and Pasquale Cataldi and Fatma Hrizi and Javier Gozalvez and Vineet Kumar and Matthias RÃ¶ckl and Lan Lin and Oscar Lazaro and JÃ©rÃ©mie Leguay and JÃ©rÃŽme HÃ€rri and Sendoa Vaz and Yoann Lopez and Miguel Sepulcre and Michelle Wetterwald and Robbin Blokpoel and Fabio Cartolano",
keywords = "Cooperative \{ITS\} systems",
keywords = "Simulation platform",
keywords = "Software architecture modularity",
keywords = "Large scale evaluations "
}

@INPROCEEDINGS{5502661, 
author={M. Rockl and P. Robertson}, 
booktitle={2010 IEEE International Conference on Communications}, 
title={Data Dissemination in Cooperative ITS from an Information-Centric Perspective}, 
year={2010}, 
pages={1-6}, 
keywords={cooperative systems;information dissemination;probability;telecommunication channels;traffic engineering computing;communication channel bandwidth;cooperative ITS;cooperative intelligent transportation systems;data dissemination;dynamic probabilistic filter system;entropy based evaluation;information exchange;information transmission;information-centric perspective;measurement uncertainty;optimized cooperative radio bandwidth utilization;uncertainty reduction;Adaptive control;Bandwidth;Collision avoidance;Communication channels;Control systems;Filters;Intelligent transportation systems;Performance evaluation;Programmable control;Uncertainty}, 
doi={10.1109/ICC.2010.5502661}, 
ISSN={1550-3607}, 
month={May},}

@ARTICLE{760570, 
author={Jee-Hyong Lee and Hyung Lee-Kwang}, 
journal={IEEE Transactions on Systems, Man, and Cybernetics, Part C (Applications and Reviews)}, 
title={Distributed and cooperative fuzzy controllers for traffic intersections group}, 
year={1999}, 
volume={29}, 
number={2}, 
pages={263-271}, 
keywords={automated highways;cooperative systems;distributed control;fuzzy control;performance index;cooperative fuzzy controllers;delay;distributed controllers;fuzzy rule base system;heavy traffic conditions;optimal signals;performance evaluation;performance index;phase lengths;phase sequences;simulation;time-varying traffic patterns;traffic control;traffic detectors;traffic intersections;vehicle actuated method;Computational modeling;Delay effects;Detectors;Fuzzy control;Fuzzy logic;Fuzzy sets;Fuzzy systems;Performance analysis;Traffic control;Vehicles}, 
doi={10.1109/5326.760570}, 
ISSN={1094-6977}, 
month={May},}

@inproceedings{cassens2007designing,
  title={Designing Explanation Aware Systems: The Quest for Explanation Patterns.},
  author={Cassens, J{\"o}rg and Kofod-Petersen, Anders},
  booktitle={ExaCt},
  pages={20--27},
  year={2007}
}

