
@book{softarch,
	Author = {Bass, Len and Clements, Paul and Kazman, Rick},
	Edition = {3rd},
	Publisher = {Addison-Wesley},
	Title = {Software Architecture in Practice},
	Year = {2013}
}
