@article{iot_harvard_smartcompanies,
  author = {Porter, Michael E. and Heppelmann, James E.},
  title = {{How Smart, Connected Products Are Transforming Companies}},
  journaltitle = {Harvard Business Review},
  url = {https://hbr.org/2015/10/how-smart-connected-products-are-transforming-companies},
  month = {November},
  year = {2015},
  urldate = {2016-11-15}
}

@online{helsedirektoratet_remote,
  author = {{Norwegian Directorate of Health}},
  title = {{Ny metode for avstandsoppfølging}},
  url = {https://helsedirektoratet.no/nyheter/ny-metode-for-avstandsoppfolging},
  year = {2015}, 
  urldate = {2016-11-03}
}

@online{datatilsynet,
  author = {{Datatilsynet}},
  title = {{Innebygd personvern}},
  url = {https://www.datatilsynet.no/Teknologi/Innebygd-personvern/},
  date = {2015-03-05}, 
  urldate = {2016-12-17}
}

@online{eu-regulation,
  author={{Council of European Union}},
  title={Council regulation ({EU}) 2016/679},
  date={2016-04-27},
  url={http://eur-lex.europa.eu/legal-content/en/TXT/?uri=CELEX:32016R0679},
  urldate = {2016-12-17}
}

 @misc{ wiki:gdpr,
   author = "Wikipedia",
   title = "General Data Protection Regulation --- Wikipedia{,} The Free Encyclopedia",
   year = "2016",
   url = {https://en.wikipedia.org/w/index.php?title=General_Data_Protection_Regulation&oldid=754575179},
   urldate = {2016-12-17}
 }

@online{uber_newyork,
  author = {{Statsadvokaten i New York}},
  title = {{A.G. Schneiderman Announces Settlement With Uber To Enhance Rider Privacy}},
  url = {http://www.ag.ny.gov/press-release/ag-schneiderman-announces-settlement-uber-enhance-rider-privacy},
  date = {2015-01-06}, 
  urldate = {2016-12-17}
}

@online{uber_ward,
  author = {{Evans, Will}},
  title = {{Uber said it protects you from spying. Security sources say otherwise
}},
  url = {https://www.revealnews.org/article/uber-said-it-protects-you-from-spying-security-sources-say-otherwise/},
  date = {2016-12-12}, 
  urldate = {2016-12-17}
}

@online{snap_vio,
  author = {{Burnham, Kristin}},
  title = {{5 Ways Snapchat Violated Your Privacy, Security}},
  url = {http://www.informationweek.com/software/social/5-ways-snapchat-violated-your-privacy-security/d/d-id/1251175},
  date = {2014-09-05}, 
  urldate = {2016-12-17}
}


@online{snap_inc,
  author = {{Snap Inc.}},
  title = {{Our agreement with the FTC}},
  url = {https://www.snap.com/en-US/news/post/our-agreement-with-the-ftc/},
  date = {2014-05-08}, 
  urldate = {2016-12-17}
}

 @online{ wiki:diff,
   author = "Wikipedia",
   title = "Differential privacy --- Wikipedia{,} The Free Encyclopedia",
   year = "2016",
   urldate = {2016-12-17},
   url = "https://en.wikipedia.org/w/index.php?title=Differential_privacy&oldid=754585671",
 }
 @online{ wired,
   author = "Greenberg, Andy",
   title = "Apple’s ‘Differential Privacy’ Is About Collecting Your Data—But Not Your Data",
   urldate = {2016-12-17},
   date = {2016-06-13},
   url = "https://www.wired.com/2016/06/apples-differential-privacy-collecting-data/",
 }

 @online{wiki:yahoo,
   author = "Wikipedia",
   title = "Yahoo! data breaches --- Wikipedia{,} The Free Encyclopedia",
   year = "2016",
   urldate = {2016-12-17},
   url = "https://en.wikipedia.org/w/index.php?title=Yahoo!_data_breaches&oldid=755328626",
 }

@online{knowit,
  author = {Berntsen, Johnny},
  title = {COMPLIANCE: GENERAL DATA PROTECTION REGULATION},
  url = {http://docplayer.me/24846608-Compliance-general-data-protection-regulation-johnny-berntsen-iso-iec-master-knowit.html},
  year = {2016}, 
  urldate = {2016-12-17}
}