@misc{vg,
  title="Verdens gang",
  author="VG",
  year=2016,
  lastchecked={10.11.2016},
  howpublished={\url{http://vg.no/}}
}
